<?xml version="1.0" encoding="UTF-8"?><collection xmlns="http://www.loc.gov/MARC21/slim"><record><leader>00425nam--2200145-i-4500</leader><controlfield tag="001">000044360</controlfield><controlfield tag="002">20161230</controlfield><controlfield tag="005">20161230201044</controlfield><controlfield tag="008">060222s1000------------r-----000-0-eng-d</controlfield><datafield ind1=" " ind2=" " tag="080"><subfield code="a">533.1:539.2</subfield></datafield><datafield ind1=" " ind2=" " tag="100"><subfield code="a">Pupke, H</subfield></datafield><datafield ind1=" " ind2=" " tag="245"><subfield code="a">Elementare prozesse in gasen und in grenzchichten</subfield></datafield><datafield ind1=" " ind2=" " tag="260"><subfield code="a">Leipzig, Bsb B.G.Teubner Verlagsgesellschaft, 1970, 253p</subfield></datafield><datafield ind1=" " ind2=" " tag="490"><subfield code="a">Matematisch-naturwissenschaftliche Bibliothek</subfield></datafield><datafield ind1=" " ind2=" " tag="852"><subfield code="a">38943</subfield></datafield></record></collection>